@book{book:3539,
   title =     {Graph theory},
   author =    {Adrian Bondy, U.S.R. Murty},
   publisher = {Springer},
   isbn =      {1846289696,9781846289699},
   year =      {2008},
   series =    {Graduate texts in mathematics 244},
   edition =   {3rd Corrected Printing.},
   volume =    {},
   url =       {http://gen.lib.rus.ec/book/index.php?md5=B513D4ED8A99EA6D12E9D1D234E1A020}
}
@book{book:3555,
   title =     {Graph theory},
   author =    {Reinhard Diestel},
   publisher = {Springer},
   isbn =      {9783540261834,3540261834},
   year =      {2006},
   series =    {Graduate Texts in Mathematics},
   edition =   {3rd},
   volume =    {},
   url =       {http://gen.lib.rus.ec/book/index.php?md5=A330DE31CA23DA91E5FE49A1346CDD00}
}
@misc{POTI,
    author = "{Polos Olímpicos de Treinamento Intensivo}",
    title = {{Combinatória ( Introdução à Teoria dos Grafos ) - Nível 3}},
    howpublished = {\url{https://www.youtube.com/watch?v=N-NblBq70lY}},
    note = "[Online; accessed 28-April-2019]"
}
@misc{wika,
    author = "{Wikipedia contributors}",
    title = "Seven Bridges of Königsberg --- {Wikipedia}{,} The Free Encyclopedia",
    year = "2019",
    howpublished = "\url{https://en.wikipedia.org/w/index.php?title=Seven_Bridges_of_K%C3%B6nigsberg&oldid=883069810}",
    note = "[Online; accessed 28-April-2019]"
  }
@misc{prep,
    author = "{MajorPrep}",
    title = {{What is Computer Science?}},
    howpublished = {\url{https://www.youtube.com/watch?v=Tzl0ELY_TiM}},
    note = "[Online; accessed 28-April-2019]"
} 
  