@book{bryan2008realworldhaskell,
  title={Real World Haskell},
  author={Bryan {O'Sullivan} and Don Stewart and John Goerzen},
  isbn={9780596514983},
  url={http://book.realworldhaskell.org/},
  year={2008},
  publisher={O'Reilly}
}
@misc{perfilcurricularcc,
title={Perfil Curricular de Ciência da Computação},
url={https://www.ufpe.br/documents/38970/411209/ciencia_computacao_perfil_2002.pdf/09862676-8330-4642-af94-6ec9e8607a62},
year={2002}
}
@misc{slideintroducao,
title={Linguagem de Programação Funcional: Introdução},
author={André {Luís de Medeiros Santos}},
url={https://docs.google.com/a/cin.ufpe.br/viewer?a=v&pid=sites&srcid=Y2luLnVmcGUuYnJ8aWY3MDh8Z3g6MjIyNThhMzAyNjQzNjJkMw},
year={2011}
}
@misc{fibonacci,
title={Functional Programming},
author={Anônimo},
url={https://en.wikipedia.org/wiki/Functional_programming},
year={2016},
note={Acessado em 6 de maio de 2019}
}
@misc{homepage,
title={IF708 - Programação Funcional - Ementa},
author={André {Luís de Medeiros Santos}},
url={https://sites.google.com/a/cin.ufpe.br/if708/home},
year={2013},
note={Acessado em 6 de maio de 2019}
}