
@misc{img,
  author       = {WIKIPEDIA}, 
  title        = {wikipedia},
  howpublished = {\url{https://pt.wikipedia.org/wiki/Bioinformatica}
}

@misc{site,
  author       = {Katia S. Guimarães}, 
  title        = {IF803 - Introdução à Biologia Molecular [Computacional]},
  howpublished = {\url{https://http://www.cin.ufpe.br/~if803/}}
}

@book{PerfilCurricular,
  title={Perfil Curricular - CIÊNCIA DA COMPUTAÇÃO - CIN},
  author={PROACAD},
  url={https://www.ufpe.br/documents/38970/411209/ciencia_computacao_perfil_2002.pdf/09862676-8330-4642-af94-6ec9e8607a62},
  year={2002},
  publisher={PROACAD UFPE}
}

@book{slide1,
  title={Slide da História
Cadeias de DNA e de Proteínas},
  author={Katia Silva Guimarães},
  url={http://http://www.cin.ufpe.br/~if803/aulas/IF803_Aula02_Historia.pdf},
  year={2012},
  publisher={CIn UFPE}
}

@book{slide2,
  title={Slide Biologia Computacional
Um Espaço Desafiador para os
Profissionais de Computação},
  author={Katia Silva Guimarães},
  url={http://http://http://www.cin.ufpe.br/~if803/aulas/IF803_Aula03_Mais_Historia_Mais_Problemas.pdf},
  year={2012},
  publisher={CIn UFPE}
}

