@book{algo,
    author = {Thomas H. Cormen and Charles E. Leiserson and Ronald L. Rivest and Clifford Stein},
    title = {Algoritmos},
    year = {2002}
}
@misc{cin-if672,
    title={CIn IF672 - Algoritmos e Estruturas de Dados},
    url={http://www.cin.ufpe.br/~paguso/courses/if672cc/atual/}
}
@misc{subarea,
    title={Subáreas da Computação},
    url={https://homepages.dcc.ufmg.br/~bigonha/Subareas/computacao.html}
}
@misc{cc,
    title={PET wiki},
    url={https://cin.ufpe.br/~pet/wiki}
}
