@book{lipovaca2011learn,
  title={Learn you a haskell for great good!: a beginner's guide},
  author={Lipovaca, Miran},
  year={2011},
  publisher={no starch press}
}

@book{bloch2017effective,
  title={Effective java},
  author={Bloch, Joshua},
  year={2017},
  publisher={Addison-Wesley Professional}
}

@book{thompson2011haskell,
  title={Haskell: the craft of functional programming},
  author={Thompson, Simon},
  volume={2},
  year={2011},
  publisher={Addison-Wesley}
}

@incollection{marlow2012parallel,
  title={Parallel and concurrent programming in Haskell},
  author={Marlow, Simon},
  booktitle={Central European Functional Programming School},
  pages={339--401},
  year={2012},
  publisher={Springer}
}

@book{scott2000programming,
  title={Programming language pragmatics},
  author={Scott, Michael Lee},
  year={2000},
  publisher={Morgan Kaufmann}
}