@misc{site1,
    title={Tabela Verdade},
    howpublished = {\url{https://encrypted-tbn0.gstatic.com/images?q=tbn:ANd9GcT32FpXeUbhZlz-EdtEjzKLnfQFLJIQnTpTRdr9RVxJckIh9F2D}}
    }
}
@misc{site2,
    title={Introduction to Logic},
    author={Alice Gao},
    howpublished = "Disponível em : \url{https://cs.uwaterloo.ca/~a23gao/cs245_s18/slides/lec01_prop_intro_show.pdf}"}
}
@misc{site3,
    title={Lógica para computação},
    howpublished = {\url{http://www.cin.ufpe.br/~if673/}}
}
@misc{site4,
    title={Lógica para computação},
    howpublished = {\url{https://cin.ufpe.br/~pet/wiki/Lógica_para_Computação}}
}
@misc{site5,
    title={Matemática Discreta},
    howpublished = {\url{http://www.cin.ufpe.br/~if670/}}
}
@misc{site6,
    title={Infraestrutura de Software},
    howpublished = {\url{https://pet.cin.ufpe.br/wiki/Infraestrutura_de_Software}}
}