@book{referenciasdisciplina,
  title={Slide de Introdução à Multimídia},
  author={Luis Vasconcelos},
  url={http://cin.ufpe.br/~if687/frame/if687/fundamentosMM.pdf},
  year={2011},
  publisher={CIn UFPE}
}
@book{referenciasdisciplina1,
  title={Slide de Introdução à Realidade Virtual},
  author={Luis Vasconcelos},
  url={http://cin.ufpe.br/~if687/frame/if687/fundamentosRV.pdf},
  year={2011},
  publisher={CIn UFPE}
}
@book{referenciasdisciplina2,
  title={Slide de Introdução à Realidade Aumentada},
  author={Luis Vasconcelos},
  url={http://cin.ufpe.br/~if687/frame/if687/fundamentosRA.pdf},
  year={2011},
  publisher={CIn UFPE}
}
@book{figura,
  title = {Exemplo de mudaça de percepção},
  author = {Renato Pezzotti},
  year={2019},
  url= {https://conteudo.imguol.com.br/c/noticias/31/2019/03/26/lacta-pascoa-realidade-aumentada-1553641055190_v2_900x506.jpgx},
  publisher = {online}
}