@book{livro,
  title={The Computer Music Tutorial},
  author={Curtis Roads},
  url={mitpress.mit.edu/books/computer-music-tutorial},
  year={1996},
  publisher={MIT Press}
}

@misc{sitedoprof,
    title = {{Informações acerca do professor}},
    howpublished = {\url{http://www.di.ufpe.br/~glr}},
    urlaccessdate={01 mai. 2019}
}

@misc{sitedadisciplina,
    title = {{Informações acerca da disciplina}},
    howpublished = {\url{http://www.cin.ufpe.br/~musica/}},
    urlaccessdate={01 mai. 2019}
}

@misc{infodacadeira,
    title = {{Oferta da cadeira}},
    howpublished = {\url{https://cin.ufpe.br/~pet/wiki/Ciencia_da_Computação}},
    urlaccessdate={01 mai. 2019}
}