@book{desconhecido_2005, 
title={BioInformatica}, url={https://static.todamateria.com.br/upload/bi/ol/biologia-molecular-og.jpg}, 
journal={todamateria}, 
publisher={todamateria}, 
author={Desconhecido}, 
year={2005}, 
month={Jan}
}
  
@book{aluru2005handbook,
  title={Handbook of Computational Molecular Biology},
  author={Aluru, S.},
  isbn={9781420036275},
  lccn={2005054821},
  series={Chapman \& Hall/CRC Computer and Information Science Series},
  url={https://books.google.com.br/books?id=3Ss-ws2Zm6IC},
  year={2005},
  publisher={CRC Press}
}

@book{jones2004introduction,
  title={An Introduction to Bioinformatics Algorithms},
  author={Jones, N.C. and Pevzner, P.A. and Pevzner, P. and Istrail, D.S.},
  isbn={9780262101066},
  lccn={20040489},
  series={A Bradford book},
  url={https://books.google.com.br/books?id=p\_qzpkNVcUwC},
  year={2004},
  publisher={London}
}

@book{pevzner2000computational,
  title={Computational Molecular Biology: An Algorithmic Approach},
  author={Pevzner, P. and M.I.T. Press},
  isbn={9780262161978},
  lccn={lc00032461},
  series={A Bradford book},
  url={https://books.google.com.br/books?id=dpgh2UxGpacC},
  year={2000},
  publisher={MIT Press}
}

