
@misc{imagempokemon,
url={https://s2.glbimg.com/qjcb5GhFthoTXvfFrbONQmd3r9Q=/0x600/s.glbimg.com/po/tt2/f/original/2016/03/15/pokemon-remake-fire-red-leaf-green-dupla-batalha.jpg},
title={Pokemon fire red},
author={Nintendo}
} 
@misc{pgcin,
  title={IF680-Processamento Gráfico},
  author={Prof Sílvio Melo},
  URL={http://books.google.com/books?id=W-xMPgAACAAJ}
}
@misc{imcin,
  title={if670-Introdução à Multimídia},
  author={ Prof Judith Kelner},
  URL={http://www.cin.ufpe.br/~if687/}
}
@misc{pijcin,
title={IF793-Projeto e Implementação de Jogos},
author={Prof Geber Ramalho},
URL={http://www.cin.ufpe.br/~game/}
}