@book{pagina,
title={Interface Usuário-Máquina},
author={Prof.Alex Sandro Gomes},
isbn={9781417642595},
url={https://cin.ufpe.br/~pet/wiki/Interfaces_Usu%C3%A1rio-M%C3%A1quina},
year={2018},
publisher={CIn UFPE}
}
@book{site1,
title={Interação Humano-Computador},
author={Prof.Alex Sandro Gomes},
isbn={9781417642595},
url={https://sites.google.com/a/cin.ufpe.br/if681---interface-usuario-maquina/home},
year={2019},
publisher={CIn UFPE}
}
@book{site2,
title={O lado do usuário},
author={Prof.Alex Sandro Gomes},
isbn={9781417642595},
url={https://drive.google.com/drive/folders/0B6-is2iTX6U7Q1FvX3R5a3VIRWs},
year={2019},
publisher={CIn UFPE}
}
