@misc{primeira, 
title ={objetivos},
url= {http://cin.ufpe.br/~in1123/2017-1/slides/Lecture_1_2017-1.pdf},
organization = {site do wiki cin}

}
@misc {segunda,
title= {relev√¢ncia},
url={https://www.cin.ufpe.br/~pet/wiki/Computa%C3%A7%C3%A3o_em_GPU_com_NVIDIA_CUDA_(IF755)},
}
@misc {terceira,
 title={IF681},
 url={https://sites.google.com/a/cin.ufpe.br/if681---interface-usuario-maquina/home},
   }
 @misc {quarta,
 title={IF687},
 url={http://www.cin.ufpe.br/~if687/},
 
 }
 @misc {quinta,
 title={realidade virtual},
 url={https://futuroexponencial.com/realidade-virtual-aumentada-mista/},
 }