@misc{sitedadisciplina,
    title = {Site da Disciplina: IF678 - Infra-estrutura de comunicação},
    url = {http://www.cin.ufpe.br/~pasg/if678/if678.html},
}

@misc{figura1,
    title = {Representação de uma Rede},
    url = {https://sarayruizpaino.wordpress.com/2016/01/14/que-es-una-red-informatica/},
}

@misc{gradecurricular,
    title = {Perfil Curricular - Ciências da Computação},
    url = {https://www.ufpe.br/documents/38970/411209/ciencia_computacao_perfil_2002.pdf/09862676-8330-4642-af94-6ec9e8607a62},
}

@misc{slide,
    title = {Alguns conceitos da disciplina},
    url = {http://www.cin.ufpe.br/~pasg/if678/Modulo_1_Cap-1-V6.1.pdf},
}

@misc{IF738,
    title = {Site da disciplina: IF738 - Redes de Computadores},
    url = {http://www.cin.ufpe.br/~if738/},
}

@misc{IF741,
    title = {Gerenciamento de Redes},
    url = {http://www.di.ufpe.br/~flash/ais98/gerrede/gerrede.html},
}
