@misc{ref_aulas,
    author={Cin-UFPE},
    title={Projetão - Material de Aula},
    url={https://projetaoufpe.wixsite.com/projetao/material-de-aula},
    year={2014},
    publisher={Wix.com}
}

@misc{ref_projetos,
    author={Cin-UFPE},
    title={Projetão - Projetos},
    url={https://projetaoufpe.wixsite.com/projetao/projetos},
    year={2014},
    publisher={Wix.com}
}

@misc{ref_coteaqui,
    title={Materia de contrução online},
    url={https://www.coteaqui.com.br/#home},
    year={2013},
}