@book{referenciasdisciplina,
  title={Slide de Circuitos Eulerianos},
  author={Katia Silva Guimarães},
  isbn={9781417642595},
  url={},
  year={},
  publisher={http://cin.ufpe.br/~if768/slides/Grafos20102_aula1.ppt}
}
@book{referenciasdisciplina2,
  title={Slide de Busca em Profundidade},
  author={Katia Silva Guimarães},
  isbn={9781417642595},
  url={},
  year={},
  publisher={http://cin.ufpe.br/~if768/slides/Grafos20102_Aula4_BuscaProfund.ppt}
}
@book{referenciasdisciplina3,
  title={Slide de Pontos de articulação},
  author={Katia Silva Guimarães},
  isbn={9781417642595},
  url={},
  year={},
  publisher={http://cin.ufpe.br/~if768/slides/Grafos20102_Aula10_ArticPoints_BiconnectedComponents.ppt}
}
@book{referenciasdisciplina4,
  title={Slide de Menor Caminho},
  author={Katia Silva Guimarães},
  isbn={9781417642595},
  url={},
  year={},
  publisher={http://cin.ufpe.br/~if768/slides/Grafos20102_Aula15_ShortestPath.ppt}
}
@book{referenciasdisciplina5,
  title={Slide de Fluxo Máximo},
  author={Katia Silva Guimarães},
  isbn={9781417642595},
  url={},
  year={},
  publisher={http://cin.ufpe.br/~if768/slides/Grafos20102_Aula33_maxflow.pdf}
}
