@article{google2019learning,
  title={Machine Learning Crash Course},
  author={Google LLC},
  url={https://developers.google.com/machine-learning/crash-course/},
  year={2019}
}
@article{george2016learning,
  title={Aprendizagem de m√°quina},
  author={Darmiton, G.},
 url={https://docs.google.com/viewer?a=v&pid=sites&srcid=ZGVmYXVsdGRvbWFpbnxhcHJlbmRpemFnZW1tYXF1aW5hfGd4OjRhMDgzMjBhNTQ4MmRhNzg},
  year={2016}
}
@book{yaser2012learning,
  title={Learning from Data},
  author={Abu-Mostafa, Y. },
  url={http://books.google.com/books?id=W-xMPgAACAAJ},
  year={2012},
  publisher={AMLBook}
}
