@book{book,
   title =     {Morality and machines: perspectives on computer ethics},
   author =    {S.L. Edgar, Jones & Barlett Pub},
   publisher = {Springer},
   isbn =      {076370184X},
   year =      {1997},
   volume =    {}
}
@misc{ProgramaInfosoc,
    author = "{CIn UFPE}",
    title = "Programa da Disciplina",
    year = "2000",
    howpublished = "\url{http://www.cin.ufpe.br/~graduacao/reforma/p_informatica_sociedade.html}",
    note = "[Online; accessed 03/05/2019]"
}
@misc{PetInfosoc,
    author = "{PET CIn}",
    title = "Inform√°tica e Sociedade",
    year = "2017",
    howpublished = "\url{https://pet.cin.ufpe.br/wiki/Inform%C3%A1tica_e_Sociedade}",
    note = "[Online; accessed 03/05/2019]"
}
@misc {Imagem,
key = {Imagem},
howpublished = {\url{https://i.pinimg.com/564x/4d/8f/db/4d8fdbad090898e5fb837c7ec5fa5f07.jpg}},
}