@book{baezayates2010mir,
  title={Modern Information Retrieval},
  author={Baeza-Yates, R.},
  isbn={9780201398298},
  url={https://books.google.com.br/books?id=nsjla44zAfwC&dq=modern+information+retrieval&hl=pt-BR&sa=X&ved=0ahUKEwjk--ud-P3hAhXRIbkGHeQaBxAQ6AEIKTAA},
  year={1999},
  publisher={Pearson Education}
}
@book {introductionir,
 title={Introduction to Information Retrieval},
 author={Manning, P. , Raghavan, P. , Schutze, H.},
 isbn={0521865719},
 url={https://books.google.com.br/books?id=t1PoSh4uwVcC&dq=introduction+to+information+retrieval&hl=pt-BR&source=gbs_navlinks_s}, 
 year={2008},
 publisher={Cambridge University Press}
}
@book {slidesif796,
title={Slides da Disciplina},
author={Barros, F. , PrudÃªncio, R.},
}
https://en.wikipedia.org/wiki/Web_mining#/media/File:The_general_relationship_between_the_categories_of_Web_Mining_and_objectives_of_Data_Mining(English_version).png